1957 2812
233 313 257 353 3
456 296 805 344 ACCENTVVM
831 293 1104 341 VETERVM
1133 294 1481 348 GRAECORVM

225 428 318 479 fiue
337 427 504 475 tenoris
522 425 905 474 denominationis
933 424 1051 471 ratio
1069 437 1298 488 quemque
1322 423 1469 488 potest
1498 423 1691 485 docere,

224 493 422 557 posuiffe
440 493 759 552 grammaticos
785 490 891 536 illos
926 503 1113 539 tenorem
1136 492 1255 536 vocis
1276 489 1451 540 nonnifi
1475 493 1522 538 in
1537 490 1691 558 gradu

221 564 324 607 eius
342 596 355 616 ‚
392 572 541 620 eoque
566 553 795 603 vocabulo
813 554 947 615 fhlam
968 557 1251 618 intentionem
1274 554 1451 607 dixiffe.
1521 560 1691 621 ltaque,

220 624 255 674 fi
274 623 396 671 redte
429 622 499 669 illi
522 623 833 684 praecipiunt,
894 623 975 686 qui
1010 623 1292 669 intentionem
1319 623 1384 669 rei
1414 621 1470 668 ab
1496 625 1594 670 eius
1614 638 1692 669 ex-

222 689 409 750 tenfione
435 688 616 735 differre
642 685 907 751 perhibent3
946 698 996 735 vt
1024 685 1146 736 illam
1173 698 1361 751 ponant,
1386 686 1466 735 vbi
1486 691 1559 735 vis
1571 703 1689 757 gra-

223 755 397 820 dusque
435 756 578 802 maior
610 754 819 814 acceffit‚
856 751 966 802 hanc
986 790 1000 814 ‚
1046 753 1128 802 vbi
1159 753 1498 819 conspiciuntur
1533 767 1690 819 partes

220 826 361 872 iaxta
378 823 428 880 se
439 820 623 887 pofitae:
661 823 984 882 grammaticos
1007 822 1190 886 vtique,
1237 822 1317 887 qui
1339 819 1619 881 extensionem
1645 819 1691 867 ἃ

218 885 577 953 productionem
610 886 876 948 syllabarum
894 889 1190 956 quantitatem
1212 887 1392 944 dicunt3
1429 887 1484 934 ab
1507 902 1557 934 ea
1579 901 1690 934 vero

218 956 341 1003 vocis
357 955 637 1066 inteztionem
652 956 821 1002 tenoris
839 951 1069 1003 vocabulo
1087 964 1299 1020 'notatam
1322 953 1615 1015 distinguunt,
1626 953 1691 1001 ie·

220 1018 434 1085 quendos
485 1032 589 1067 uco.
1456 1048 1460 1051 -

291 1181 391 1236 IV(
410 1184 541 1247 Age,
588 1184 644 1234 ad
661 1189 755 1235 rein
783 1186 875 1234 iam
903 1184 1171 1234 accedamus
1198 1185 1402 1250 propiuS.
1481 1186 1691 1235 Dicimus

222 1264 415 1301 tenorem
436 1250 598 1299 vocale
623 1252 711 1300 effe
727 1252 957 1316 quoddam
975 1254 1073 1299 Ioni
1096 1253 1392 1299 moderamen
1412 1255 1531 1301 circa
1551 1256 1692 1316 inten-

219 1321 386 1367 tionem
409 1320 528 1366 vocis
558 1320 628 1380 9).
732 1320 976 1381 Repetam,
1019 1333 1134 1381 quae
1158 1318 1329 1379 sentio,
1370 1320 1506 1381 paulo
1541 1319 1688 1366 altius.

217 1386 531 1447 Quantumuis
555 1385 712 1433 literae
743 1400 950 1450 quaeque
969 1385 1083 1432 Iono
1111 1385 1193 1433 suo
1220 1382 1439 1449 simplici,
1485 1399 1567 1433 ore
1602 1387 1699 1433 rite.

215 1450 489 1509 informato,
514 1451 861 1513 protrudantur‚
899 1450 944 1497 ὅτ
963 1453 1315 1513 pronuntientur
1337 1451 1394 1499 ad
1422 1466 1600 1500 moram
1617 1453 1687 1499 iu-

218 1517 352 1563 stam:
386 1528 538 1562 tamen
558 1519 758 1577 ingratus
777 1516 864 1563 fuit
878 1517 1054 1579 semper
1071 1532 1185 1563 vnus
1204 1516 1251 1563 &
1273 1519 1517 1581 continuus
1532 1519 1687 1574 sonus;

216 1580 397 1630 nifissaer
416 1581 495 1629 ille
516 1584 729 1630 incitetur
749 1582 892 1631 modo
911 1584 1118 1643 fitrtius,
1181 1581 1227 1630 δι
1255 1580 1394 1645 altius
1430 1582 1650 1632 euehatur
1669 1620 1683 1644 ,

214 1648 367 1699 modo
399 1649 693 1708 remittatur,
763 1650 963 1696 maxime
990 1659 1043 1694 vt
1077 1664 1146 1695 res
1174 1652 1361 1711 polcere
1378 1650 1469 1712 ipsa
1490 1650 1683 1697 videtur,

213 1713 400 1778 quuod
418 1730 447 1761 a
466 1713 669 1763 naturali
691 1714 889 1779 quodam
917 1715 1051 1760 initio
1081 1716 1232 1773 venit,
1284 1712 1329 1760 ὅτ
1352 1716 1414 1778 ,εᾲ
1444 1717 1683 1776 ingenium

216 1782 442 1842 cuiusque
476 1779 660 1842 linguae
683 1781 777 1844 ipse
810 1780 911 1840 vlits
934 1780 1278 1839 accomodauit,
1332 1777 1458 1848 signo
1494 1781 1681 1829 demum

214 1860 405 1910 quoque
437 1848 589 1905 graeci
603 1857 848 1904 notarunt,
893 1848 1132 1892 eorum-in
1153 1846 1369 1909 gratiam,
1402 1844 1484 1910 'qui
1514 1844 1572 1894 ex
1602 1848 1682 1893 viu

211 1910 333 1960 hanc
358 1907 625 1959 suauitatem
648 1910 693 1961 61
721 1910 845 1959 hunc.
869 1909 1049 1973 linguae
1067 1913 1254 1973 genium
1273 1926 1366 1960 non
1391 1914 1590 1973 capiunt,
1600 1925 1681 1960 eo-

212 1993 306 2042 que
332 1988 517 2026 naturae
534 1979 602 2035 rei
628 1963 760 2024 valde
782 1974 1050 2039 conformi,
1076 1989 1126 2042 vt
1157 1974 1421 2041 ipso-ductu
1441 1975 1495 2027 ab
1514 1979 1612 2029 imo
1632 1978 1680 2025 in

212 2043 346 2097 altius
373 2041 429 2089 ad
448 2044 641 2090 modum
673 2042 899 2102 quendam
918 2039 1102 2099 sagittae
1133 2038 1313 2087 emissae
1341 2055 1507 2089 vocem
1534 2043 1681 2090 inten-

213 2108 411 2167 dendam
430 2123 481 2166 ac
502 2104 756 2165 tollendam
787 2104 1058 2172 cognoscas,
1077 2119 1207 2172 ,quae
1223 2108 1557 2170 pronuntiatio,
1572 2111 1678 2172 quia

212 2173 272 2221 ad
299 2175 523 2236 maiorem
549 2170 774 2238 quandam
805 2170 951 2237 aciesm
978 2163 1215 2239 a’icendere
1235 2165 1285 2224 ὅτ,
1309 2168 1518 2220 subtilior
1542 2188 1680 2236 pene-

212 2238 513 2307 trabiliorque
525 2277 540 2302 ,
574 2237 620 2289 δι
642 2235 1046 2302 nova-metaphora
1064 2235 1198 2288 altior
1221 2236 1678 2353 iublatiorquebvide-

927 2342 930 2346 .
1492 2359 1497 2369 V,
1562 2317 1680 2366 atur,-

273 2503 326 2557 9)
362 2498 531 2544 Tonum'
551 2494 690 2559 'graeci
727 2491 799 2557 ipsi
823 2492 919 2542 defi«
980 2492 1193 2559 psco'rn'rie
1221 2494 1444 2549 ’ᾰῦΧλσιξῶν
1472 2494 1678 2563 [ἐυφωνῖσιν

211 2565 325 2606 niunt
342 2562 416 2608 esse
433 2562 646 2615 ε’πίτοισιν,
679 2560 703 2617 ἢ
731 2557 916 2617 &nendi
976 2561 1147 2622 ἔκθεσιν·
