1957 2812
459 362 463 364 ν
477 359 480 361 -
526 336 689 377 GENV1
695 335 765 375 NA
795 331 1228 375 PRONVNTLQTIO.
1573 347 1607 375 11

131 466 220 512 &a
250 464 362 509 sono
390 463 608 508 orationis
626 474 706 506 vno
725 457 1028 506 defied'cendae
1054 459 1244 505 modum
1266 459 1425 506 docet:
1475 457 1606 505 intel-

130 529 251 578 lec‘iu
283 527 344 573 est
365 524 520 584 facile,
558 524 588 572 fi
607 525 740 572 nobis
765 541 882 571 nunc
921 525 1106 573 demum
1128 523 1364 572 formanda
1399 524 1512 571 haec
1539 527 1604 571 ei-

127 596 225 645 sent
237 593 395 661 ]ξξηας
433 607 560 639 vnum
581 592 724 638 modo
731 593 907 648 sonum,
942 591 1143 638 altiorem
1168 591 1366 650 icilicet,
1423 607 1478 637 cx
1515 590 1601 637 hac

125 663 220 709 toni
234 658 437 707 literarii
460 654 656 705 doffrina
681 659 1005 719 percipientes,
1056 660 1191 703 etiam
1222 674 1302 704 vno
1328 660 1426 704 eius
1456 659 1598 703 inten-

124 729 258 773 tionis
284 727 375 771 fiue
400 726 566 769 tenoris
589 722 736 789 signo,
795 722 970 783 virgula
1003 721 1078 768 illa
1105 723 1161 769 ad
1191 722 1351 769 altiora
1391 722 1597 770 tendenti

123 802 276 839 curate
295 788 362 836 illi
384 788 659 851 imponenda
685 787 859 849 vocali,
897 803 1010 851 quae
1029 787 1301 835 intendenda
1322 786 1458 846 effet,
1495 785 1597 849 pos-

120 860 166 904 se
192 857 278 904 esse
299 865 561 905 contentos.
663 857 733 901 Ex
763 853 972 916 opposito
1004 851 1138 900 facile
1169 852 1496 915 cognoscimus
1523 853 1596 899 so-

122 938 257 980 num,
298 924 374 986 qui
397 921 588 980 dicitur,
624 921 671 966 in
694 921 1035 982 comparatione
1055 919 1107 966 ad
1133 920 1248 967 hanc
1272 921 1497 966 maiorem
1522 921 1594 976 inf

120 992 375 1047 tentionem,
399 990 595 1056 gravis,
633 986 788 1051 quiest
814 985 1034 1037 orationis
1067 984 1191 1035 illius
1216 987 1490 1035 communis,

184 1123 241 1167 V.
277 1122 479 1162 Tantum
509 1130 624 1163 vero·
648 1115 791 1173 abest,
849 1128 896 1163 vt
914 1117 1028 1164 haec
1060 1133 1118 1164 eo
1144 1119 1318 1177 dicam,
1358 1136 1450 1183 quo
1471 1132 1588 1183 quae

118 1182 344 1236 vetustatis
372 1183 572 1228 nituntur
599 1179 863 1227 aucfforitate
896 1183 943 1228 in
974 1181 1050 1228 tali
1086 1184 1210 1229 causa
1239 1181 1389 1230 sandie
1426 1184 1587 1231 coien-

118 1249 199 1306 da,
235 1247 488 1295 innouanda
519 1258 697 1309 putem,
731 1247 856 1310 quod
878 1244 1000 1295 forte
1029 1263 1135 1294 cum
1162 1259 1287 1294 metu
1306 1250 1465 1308 fieret,
1526 1264 1588 1294 ne

98 1318 307 1365 vonmem
334 1313 449 1359 hanc
485 1312 749 1373 elegantiam
778 1311 908 1374 plane
947 1315 1280 1362 amitteremus:
1353 1326 1401 1361 vt
1426 1316 1588 1377 potius*

92 1379 233 1428 «nihil
265 1381 356 1426 iam
383 1380 526 1440 magis
550 1381 597 1425 in
619 1381 739 1426 votis
760 1377 974 1438 habeam,
1018 1395 1152 1443 quam
1180 1382 1245 1426 vti
1277 1381 1461 1429 tandem
1488 1381 1586 1428 iam

114 1444 380 1509 aliquando,
418 1447 517 1507 post
542 1456 613 1493 tot
645 1455 883 1510 tantosque
901 1446 957 1492 de
977 1447 1106 1493 omni
1125 1461 1174 1494 re
1204 1444 1416 1494 litteraria
1450 1461 1584 1507 egre-

114 1513 190 1571 gie
212 1513 400 1558 meritos
423 1513 571 1570 viros,
608 1513 687 1575 qui
711 1511 897 1558 infinitis
917 1511 1063 1558 multo
1082 1527 1188 1561 cum
1216 1511 1380 1559 sudore
1406 1526 1585 1571 conge-

82 1577 185 1624 ‘stis
216 1576 415 1642 regulis,
476 1592 589 1642 quae
617 1576 673 1624 ab
710 1575 943 1641 exemplis,
995 1576 1041 1624 Gt
1068 1594 1098 1625 a
1119 1576 1355 1644 posteriori
1374 1615 1387 1637 ,
1450 1575 1585 1641 quod

110 1645 259 1701 aiunt,
292 1643 392 1688 sunt
418 1642 665 1701 formatae,
704 1657 789 1690 nos
814 1642 1007 1702 docent,
1045 1659 1159 1707 quae
1195 1647 1414 1707 cuiusque
1444 1643 1583 1689 νοεῖς

108 1707 271 1769 syllaba
290 1711 476 1756 caeteris
498 1707 633 1755 altior
655 1705 974 1765 fiteuehenda;
1044 1721 1164 1757 certa
1183 1746 1196 1768 ,
1237 1723 1379 1772 eaque
1401 1703 1580 1768 facilia,

108 1774 180 1820 his
202 1811 215 1831 ,
256 1789 369 1839 quae
404 1775 460 1820 de
487 1787 650 1821 natura
681 1777 847 1821 tenoris
868 1786 1073 1821 tenemus
1092 1772 1379 1836 superstrud'ia
1411 1773 1577 1821 funda-

109 1843 289 1898 mentis,
303 1842 532 1905 principia
551 1838 819 1906 cognoscendi
827 1856 879 1887 ac
897 1837 1164 1887 diiudicandi
1179 1841 1272 1886 toni
1282 1836 1585 1902 huius,quan-'

107 1915 205 1949 tum
231 1908 327 1951 eius
345 1906 445 1952 fieri
470 1904 602 1964 licet,
636 1906 982 1967 constituantur,
1018 1918 1067 1952 vt
1086 1921 1143 1953 ne
1170 1904 1435 1952 difficultate
1460 1904 1581 1961 hac,

106 1984 219 2033 quae
246 1973 426 2031 prorius
449 1970 759 2033 insuperabilis
788 1970 943 2019 multis
975 1972 1180 2030 videtur,
1217 1968 1575 2017 innumerabiles

102 2036 151 2079 in
175 2034 333 2080 limine
351 2038 448 2078 eius
463 2037 608 2078 statim
629 2038 853 2094 perterriti
873 2037 928 2078 ab
947 2037 1032 2078 hac
1057 2038 1277 2080 sermonis
1299 2037 1448 2094 graeci
1468 2048 1571 2095 par-

101 2110 148 2145 te
165 2097 295 2160 plane
320 2108 564 2159 arceantur.
666 2099 722 2144 Et
750 2097 874 2161 quod
906 2097 1241 2161 iam'praeclara
1264 2110 1336 2147 tot
1360 2101 1569 2161 ingenia,

103 2178 218 2226 quae
242 2162 316 2210 his
348 2162 489 2210 literis
514 2178 700 2225 operam
721 2163 905 2222 hanam,
924 2165 995 2224 (id
1015 2165 1140 2227 quod
1163 2166 1212 2219 in
1237 2164 1453 2212 omnibus
1475 2168 1567 2212 iam

98 2229 244 2277 terme
273 2240 492 2292 tentatum
513 2228 577 2276 'est
601 2226 897 2291 disciplinis,)
945 2231 1145 2293 purioris
1186 2228 1420 2279 dostrinae
1457 2230 1567 2278 soli-

101 2296 241 2344 dioris
260 2294 439 2358 decreta
460 2294 514 2343 ad
532 2292 691 2362 philolo
721 2297 807 2343 iae'
818 2293 956 2353 studii
997 2297 1298 2343 commodum
1326 2294 1565 2343 transferre

100 2362 340 2425 videmu33
376 2362 511 2411 huius
538 2310 748 2426 profego
778 2363 961 2410 meffem
982 2365 1027 2410 in
1055 2361 1210 2410 herbis
1236 2362 1348 2411 mihi
1378 2365 1467 2409 iam
1493 2363 1562 2407 vi-

100 2427 206 2474 dere
228 2429 406 2478 videor.
476 2427 655 2476 Etiamfi
672 2432 736 2487 is,
774 2431 852 2492 qui
879 2430 964 2476 hac
990 2433 1060 2476 via
1082 2431 1253 2491 primus
1286 2429 1463 2488 ingredi
1489 2429 1560 2474 in-

97 2492 323 2552 stituerit,
349 2508 537 2544 omnem
556 2511 653 2544 rem
680 2511 774 2544 non
797 2494 1021 2558 perficiat3
1055 2493 1270 2557 progredi
1290 2505 1412 2542 certe
1444 2493 1563 2540 mul-

96 2569 193 2606 tum
212 2561 301 2608 iam
321 2561 507 2623 poterit.
840 2561 874 2606 B
909 2574 935 2609 2
1441 2561 1567 2612 Hanc
