1957 2812
363 318 372 341 1
380 320 399 346 2
586 304 938 347 ACCENTVVM
969 303 1242 361 VETERVM
1270 303 1606 350 GRAECORVM

502 433 626 479 Hanc
658 430 995 491 voculationem‚
1033 431 1126 479 hoc
1144 431 1241 479 soni
1264 431 1574 492 moderamen,
1585 431 1710 497 quod
1733 434 1833 479 vni-

364 499 542 545 uerlum
561 510 704 544 tonum
734 512 980 557 vocamuS‚
1015 513 1153 545 omne
1173 499 1289 545 circa
1312 501 1430 545 vocis
1453 499 1614 549 versari
1632 501 1837 547 intentio-

365 581 472 618 nem,
511 564 687 627 quamsi
706 575 956 621 teneamus,
987 574 1184 612 caeteras
1210 562 1397 625 syllabas
1414 562 1550 613 facile
1575 582 1656 613 vno
1678 561 1740 620 δ’
1767 581 1838 615 re-

364 633 427 677 mi
454 633 541 676 tori
567 630 711 676 modo
738 630 893 676 sonare
929 630 1182 691 poffumus:
1251 629 1327 677 hoc
1352 628 1637 690 fundamento
1673 633 1839 679 securis

363 695 547 761 prorius
574 698 663 743 iam
698 695 887 743 infistere
917 695 1037 745 licet.
1112 698 1341 744 Intendunt
1370 713 1482 746 vero
1517 713 1680 746 vocem
1712 712 1839 759 grae-

366 767 436 822 ci,
493 775 545 809 vt
569 762 644 809 alii
668 762 903 819 homines,
969 779 1112 828 quum
1152 762 1363 824 syllabam
1403 767 1546 832 magis
1584 761 1737 813 audiri
1753 764 1840 812 ssu-

366 830 487 877 dent.
554 829 662 876 Inde
692 831 885 877 omnino
907 832 996 877 iam
1016 832 1136 878 varia
1168 829 1276 879 elici
1302 830 1481 895 poffunt
1500 868 1514 891 ,
1552 846 1666 897 quae
1684 830 1739 878 ad
1772 831 1841 877 in-

364 895 665 956 telligentiam
688 899 781 942 toni
805 895 980 944 faciunt
997 899 1105 957 10).
1194 901 1303 944 Non
1334 914 1424 958 ego
1445 899 1629 963 quidem
1655 899 1694 945 is
1713 898 1808 945 ium
1825 933 1839 956 ‚

365 963 445 1026 qui
464 976 627 1023 negem
645 997 659 1019 ,
724 976 932 1022 magnam
958 964 1006 1008 in
1030 962 1127 1009 hac.
1146 963 1272 1009 causa
1301 975 1475 1024 partem
1497 963 1578 1011 fibi
1608 963 1839 1010 vindicare

365 1027 608 1075 hominum
638 1026 877 1076 arbitrium
895 1063 910 1086 ‚
950 1030 1010 1073 ita
1027 1040 1077 1074 vt
1101 1030 1288 1086 ingenio
1311 1030 1534 1090 cuiusque
1557 1028 1734 1088 linguae
1745 1027 1841 1090 ple-

365 1109 560 1158 rumque
601 1091 843 1151 debeatur,
909 1107 1044 1154 quam
1073 1093 1273 1137 maxime
1299 1089 1501 1138 intendas
1541 1095 1684 1158 magis
1715 1091 1841 1150 sylla·

366 1158 495 1207 bam:
532 1174 723 1207 naturae
754 1168 905 1204 tamen
932 1158 1254 1205 conuenientius
1278 1155 1393 1205 mihi
1421 1153 1570 1206 facere
1603 1156 1841 1217 videntur,

363 1229 443 1290 qui
462 1225 672 1285 syllabam
693 1226 824 1271 vocis
845 1226 1154 1288 praecipuam,
1187 1222 1255 1279 Gt,
1294 1222 1374 1270 vbi
1393 1240 1500 1270 cum
1521 1223 1621 1270 aliis
1644 1223 1838 1271 vocibus

365 1291 571 1340 eiusdem
609 1291 707 1338 soni
736 1288 798 1337 est
834 1287 1017 1349 confitsto
1043 1285 1267 1337 metuenda
1280 1325 1293 1348 ‚
1357 1288 1557 1337 vltimam
1588 1287 1840 1350 intendunt,

365 1359 602 1422 quamqui
621 1356 683 1404 ob
704 1358 1043 1419 praecipitatam
1078 1355 1302 1419 quandam
1344 1354 1688 1405 festinationem⁴
1706 1355 1841 1417 fidam

366 1422 571 1469 vltimam
593 1436 690 1470 tono
714 1422 945 1469 adficiunt.
1016 1425 1067 1469 In
1099 1437 1370 1482 graecorum
1397 1425 1596 1469 maxime
1633 1421 1841 1471 sermone

360 1491 556 1556 priorem
575 1488 787 1537 obtinere
817 1485 1196 1537 consuetudinem
1217 1488 1447 1544 videmus3
1494 1488 1608 1536 adeo
1646 1500 1694 1535 vt
1734 1488 1840 1543 inde

362 1555 635 1620 plerumque
660 1555 796 1603 verba
813 1592 826 1614 ‚
864 1570 979 1621 quae
1028 1552 1212 1603 duarum
1246 1555 1344 1602 sunt
1361 1553 1661 1619 syllabarum,
1696 1568 1842 1601 tonum

365 1625 412 1670 in
438 1625 590 1687 priori
618 1622 839 1683 habeant,
873 1621 953 1673 nifi
981 1622 1209 1672 interdum
1227 1625 1483 1673 terminatio
1507 1626 1605 1673 eius
1636 1621 1698 1671 ob
1735 1636 1841 1669 cau-

1710 1689 1800 1735 sam
1826 1722 1840 1745 ‚

426 1838 493 1892 10)
532 1832 627 1877 Inde
642 1833 709 1885 est,
738 1833 842 1894 quod
852 1834 992 1878 decem
1027 1834 1073 1876 il·
1134 1850 1214 1877 non
1228 1831 1492 1878 desideramus.
1505 1831 1556 1877 cf.
1567 1830 1843 1893 grammarcli.

365 1894 424 1937 lae
442 1894 616 1946 voculae,
628 1911 724 1954 quae
748 1895 871 1937 verbis
890 1894 1076 1954 suisprae-
1137 1911 1195 1955 gr.
1212 1912 1249 1953 p.
1272 1910 1376 1937 1001.
1794 1931 1797 1934 ,

365 1970 578 2014 ponuntur,
1187 1958 1255 1997 Par
1275 1958 1371 1995 ratio
1385 1953 1438 1995 est
1467 1967 1730 2010 vocum‚quae
1753 1951 1843 1994 inde

422 2033 501 2060 vna
522 2016 748 2058 coniundlio
764 2019 796 2059 ἐι
808 2049 819 2063 ,
978 2043 984 2045 -
1137 2008 1368 2069 §malm-affl,
1379 2016 1594 2054 vocitantur
1604 2030 1615 2062 3
1635 2010 1738 2069 qnod
1751 2028 1844 2070 qua⁴

426 2078 497 2121 duo
528 2076 707 2120 aduerbia
742 2075 805 2132 ἐχ
825 2069 905 2125 (vel
932 2072 1007 2122 §m
1034 2071 1076 2126 ἐ)
1137 2072 1167 2115 fi
1188 2073 1432 2121 reclinentur,
1446 2075 1486 2114 ὃς
1507 2089 1595 2114 cum
1615 2073 1843 2129 praeceden-

367 2138 419 2182 ὦς
1135 2136 1164 2176 ti
1176 2133 1293 2175 verbo
1306 2130 1374 2174 suo
1387 2135 1536 2173 coe‘ant.
1595 2133 1678 2172 Has
1697 2128 1842 2172 sermo-

426 2209 510 2240 tres
549 2212 721 2257 praepos.
748 2199 802 2242 ἔις
830 2196 916 2250 (vel
933 2200 1002 2253 ἐς)
1033 2200 1077 2243 ἐκ
1137 2198 1303 2237 cinantes
1346 2191 1440 2233 vltra
1484 2203 1621 2233 tonum
1658 2194 1841 2233 orationis

488 2259 569 2311 (vel
590 2257 665 2319 ἐξ)
685 2261 737 2305 ἐν,
1137 2260 1388 2312 communem
1409 2268 1490 2293 nou
1519 2248 1736 2303 ‘efferimus5
1770 2249 1841 2292 n'ifi

425 2331 592 2380 quatuor
618 2320 907 2361 'terminationes
936 2320 1075 2361 articu-
1136 2315 1198 2357 vbi
1223 2312 1261 2356 id
1288 2326 1421 2363 nexus,
1453 2323 1516 2354 aut
1535 2310 1686 2353 dicendi
1700 2315 1756 2352 vis
1769 2326 1839 2368 po-

490 2381 620 2422 lorum
643 2380 733 2429 0251,
747 2379 783 2429 ἦ,
798 2381 857 2433 οἱι,
1135 2373 1221 2418 scat.
1235 2372 1353 2419 Conf.
1367 2376 1532 2422 omnino
1550 2388 1672 2431 gram.
1691 2372 1839 2414 march.

366 2449 525 2481 accentu
545 2442 636 2490 hoc,
666 2437 744 2479 fine
772 2449 868 2480 tono
895 2438 1074 2481 intenfio-
1136 2451 1193 2494 gr.
1215 2452 1253 2492 p.
1271 2449 1367 2487 1003
1396 2438 1436 2476 ὅ(
1462 2448 1564 2491 quos·
1587 2433 1639 2473 ibi
1662 2432 1842 2473 test-antur

366 2510 408 2541 re
432 2498 544 2557 plane
566 2511 714 2550 carem3
746 2497 851 2556 quod
862 2513 921 2540 eas
943 2503 981 2540 in
1001 2496 1074 2541 ser·
1135 2513 1174 2557 p.
1191 2511 1304 2549 1004.
1324 2508 1526 2539 ΑΡοιιοΝ.
1554 2497 1594 2538 ὀ(
1610 2506 1841 2537 HERODIAN.

368 2576 503 2613 mone,
528 2572 567 2603 vt
580 2577 672 2621 prae
693 2564 848 2603 caeteris
863 2559 1076 2609 audiantur,
