1957 2812
631 291 870 336 GENVINA
901 291 1323 336 PRONVNCIATIO.
1683 308 1708 346 9

244 421 398 482 batur,
468 433 622 470 acutae
647 421 777 468 vocis
804 418 943 481 (ὀξεῖα
966 420 1021 468 ab
1038 422 1144 482 α’κῆ)
1172 432 1221 468 vt
1243 419 1458 485 equidem
1488 418 1708 479 arbitror,

243 506 412 537 nomen
434 492 617 551 accepit.
688 486 891 535 Verbum
910 488 1014 535 inde
1029 526 1041 547 ‚
1079 491 1208 536 cuius
1230 485 1390 549 syllaba
1405 485 1560 534 vltima
1580 486 1704 533 hunc

239 552 844 614 t‘ntetglioren1sonumhabet,
880 552 1044 601 elicitur
1062 552 1257 614 ὄξύτονονε
1303 552 1364 599 fin
1395 552 1471 599 illa
1518 564 1703 599 acuatur

237 619 427 681 syllaba,
463 635 576 686 quae
593 633 723 685 penes
742 636 839 667 eam
864 619 948 678 est,
985 617 1273 680 παροξύτονονς
1305 620 1365 665 ita
1398 622 1464 664 vti
1507 635 1621 682 quae
1656 618 1701 664 Gr

237 686 353 735 hanc
389 688 503 736 adeo
541 683 781 747 antecedit,
826 685 856 735 fi
881 685 1176 733 acuminanda
1208 684 1295 744 est,
1360 683 1703 745 veonagogdrovov

235 754 372 803 audit.

366 820 540 883 Quodfi
559 818 719 881 syllaba
740 818 895 867 vltima
911 856 924 878 ,
960 834 1074 884 quae
1099 819 1392 883 caeteroquin
1410 814 1602 865 acuenda
1627 814 1700 865 fo-

232 897 332 946 ret,
404 900 591 951 propter
616 886 813 951 aliquem
847 897 998 933 autem
1034 883 1203 932 'vocum
1236 900 1404 931 nexum
1431 881 1701 941 arctiorem,

229 956 382 1012 graeci
412 957 620 1000 συνέπεισεν
648 953 832 1012 dicunt,
864 955 955 999 iam
977 951 1271 999 acuminanda
1310 966 1403 997 non
1431 948 1561 1007 effet,
1621 949 1700 996 led

230 1015 534 1082 deprimenda,
580 1023 632 1060 vt
653 1018 840 1060 caeteris
862 1016 960 1060 eius
993 1018 1126 1060 vocis
1155 1014 1337 1073 syllabis
1372 1014 1549 1079 aequali
1584 1017 1700 1061 sono

226 1080 505 1143 proferatur:
548 1090 653 1127 nota
690 1079 764 1127 illa
786 1080 881 1126 soni
907 1082 1027 1127 acuti
1050 1077 1268 1127 abiicitur
1286 1081 1470 1145 quidem
1484 1096 1504 1142 ,·
1540 1080 1614 1128 led
1638 1097 1697 1129 ne

228 1148 336 1209 quid
363 1150 533 1192 tirones
555 1144 840 1191 turbarentur
874 1148 1010 1191 etiam
1046 1157 1121 1190 aut
1151 1149 1403 1207 peregrini,
1447 1147 1572 1212 signo
1600 1147 1697 1208 ipso

228 1213 425 1275 quodam
464 1223 646 1257 cautum
682 1210 770 1266 est,
804 1225 861 1256 eo
889 1226 1079 1273 nempe,
1121 1211 1246 1276 quod
1270 1212 1391 1258 acuti
1411 1212 1508 1258 soni
1529 1212 1605 1270 est,
1629 1214 1697 1258 in·

224 1279 377 1339 vast),
413 1278 538 1343 quod
566 1277 907 1324 descendentem
928 1278 1129 1338 sagittam
1147 1275 1316 1324 referre
1333 1290 1526 1340 poterat,
1561 1278 1699 1324 adeo-

217 1358 314 1406 *que
353 1342 574 1405 syllabam·
592 1342 647 1390 ab
676 1346 774 1389 acie
795 1344 897 1401 sua,
935 1357 1067 1408 quam
1089 1355 1213 1390 extra
1237 1359 1408 1390 nexum
1439 1360 1546 1391 cum
1577 1359 1695 1391 voce

223 1410 427 1474 sequenti
439 1409 613 1459 habere
636 1408 804 1470 soleat,
837 1412 930 1457 >iam
958 1421 1143 1473 propter
1172 1408 1490 1460 cohaesionem
1522 1409 1694 1458 verbo-

225 1492 326 1524 rum
347 1476 627 1527 deturbatam
643 1476 747 1535 effe,
786 1479 1065 1541 caeterisque
1095 1477 1247 1541 quoad
1266 1478 1429 1524 sonum
1450 1477 1690 1541 aequalem

226 1543 619 1605 pronuntiandam.
722 1541 875 1604 Quare
908 1544 996 1589 iam
1021 1544 1236 1591 conuersa
1274 1542 1352 1590 illa
1372 1545 1493 1591 acuti
1520 1542 1695 1603 virgula

215 1613 383 1678 grauis
412 1610 560 1670 audit,
595 1608 639 1657 ἃ
663 1609 724 1657 est
746 1622 854 1658 nota
877 1611 975 1657 eius
996 1610 1121 1670 soni,
1155 1626 1292 1676 quem
1322 1609 1440 1659 aliae
1467 1607 1658 1670 syllabae
1676 1647 1692 1670 ,

222 1688 399 1739 praeter
426 1679 722 1736 acuminatas,
759 1692 920 1723 omnes
947 1675 1140 1737 habent,
1182 1692 1295 1741 quae
1327 1677 1454 1736 quod
1480 1674 1692 1741 frequen-

223 1752 293 1789 tes
315 1746 510 1792 nimium
533 1743 693 1802 essent,
723 1742 768 1789 ὅ(
798 1759 951 1790 earum
980 1745 1094 1790 ratio
1124 1742 1231 1790 effet
1247 1744 1535 1801 communis,
1580 1740 1692 1792 faci-

225 1804 358 1872 leque
377 1827 433 1858 ex
461 1808 670 1874 oppofito
689 1809 1081 1872 intelligerenturg
1119 1809 1333 1872 expreffis
1359 1811 1480 1857 notis
1499 1807 1690 1869 lingulas

224 1875 423 1923 indicare
461 1877 840 1938 superuacaneum
870 1875 1003 1924 foret.
1075 1879 1152 1923 Sin
1174 1876 1248 1923 illa
1263 1892 1372 1923 vox
1393 1892 1450 1922 ex
1483 1874 1608 1922 arcio
1635 1875 1690 1921 il-

223 1936 303 1999 lo,
354 1958 490 2006 quem
527 1958 640 1994 cumr
655 1941 855 2005 sequenti
880 1940 1062 2000 habuit,
1116 1958 1252 1998 nexu,
1306 1945 1384 2005 qui
1414 1957 1528 1987 vnus
1559 1940 1687 1988 causa

225 2004 545 2064 deprimendae
565 2005 754 2062 syllabae
778 2005 890 2060 fuit,
928 2006 1135 2058 excedat,
1170 2005 1291 2049 redit
1296 2005 1537 2072 fhsttgium
1565 2005 1682 2052 illud

225 2067 268 2115 ὅ(
289 2069 422 2118 [onus
453 2071 725 2117 acuminans.
794 2067 934 2129 Qod
977 2066 1201 2132 reliquum
1226 2069 1311 2129 est,
1362 2073 1515 2118 omnia
1545 2087 1685 2119 voca·

193 2169 195 2171 .
223 2133 354 2194 bula,
390 2151 502 2200 quae
518 2135 722 2181 Vltimam
750 2150 842 2194 non
869 2147 1028 2181 acutmt
1046 2146 1119 2180 aut
1142 2134 1505 2195 circumflec‘i‘tmt,
1535 2141 1684 2198 graui-

225 2214 329 2249 tona
368 2200 607 2264 (ξωςύτονοι)
628 2215 959 2263 nuncupamus,
1001 2199 1093 2248 hoc
1121 2200 1206 2259 est,
1266 2200 1433 2262 verba,
1484 2219 1681 2262 quorum

222 2272 359 2316 sonus
391 2267 575 2315 vltimae
595 2266 783 2328 lyllabae
809 2265 865 2313 ab
896 2268 1008 2313 sono
1036 2269 1132 2314 eius
1150 2271 1531 2330 pronuntiationis
1553 2285 1682 2317 com-

217 2338 347 2382 ·muni
380 2350 474 2382 non
500 2334 672 2391 differt;
703 2332 732 2381 fi
754 2349 863 2381 vero
892 2333 946 2379 ad
971 2344 1155 2381 acutum
1176 2332 1418 2396 referatur,
1450 2335 1588 2398 paulo
1611 2339 1681 2384 vi·

221 2402 352 2451 detur
372 2398 594 2469 deprefflor
613 2402 804 2451 omnino
827 2415 879 2451 ac
916 2401 1111 2462 grauior.

1025 2536 1059 2580 Β
1579 2539 1678 2586 Cir·
